<record><leader>00000cas a2200000 a 4500</leader><controlfield tag="001">12717890</controlfield><controlfield tag="008">851025d18811882ksuwr ne      0    0eng d</controlfield><datafield ind1=" " ind2=" " tag="010"><subfield code="a">sn 85029754 </subfield></datafield><datafield ind1=" " ind2=" " tag="040"><subfield code="a">KSH</subfield><subfield code="b">eng</subfield><subfield code="c">KSH</subfield><subfield code="d">NPT</subfield><subfield code="d">TGN</subfield><subfield code="d">OCL</subfield><subfield code="d">OCLCQ</subfield></datafield><datafield ind1=" " ind2=" " tag="042"><subfield code="a">msc</subfield></datafield><datafield ind1="0" ind2=" " tag="130"><subfield code="a">Smith County record (Smith Centre, Kan.)</subfield></datafield><datafield ind1="1" ind2="0" tag="245"><subfield code="a">Smith County record.</subfield></datafield><datafield ind1=" " ind2=" " tag="260"><subfield code="a">Smith Centre, Kan. :</subfield><subfield code="b">E.M. Burr,</subfield><subfield code="c">-1882.</subfield></datafield><datafield ind1=" " ind2=" " tag="300"><subfield code="a">v. ;</subfield><subfield code="c">59 cm.</subfield></datafield><datafield ind1=" " ind2=" " tag="310"><subfield code="a">Weekly</subfield></datafield><datafield ind1="0" ind2=" " tag="362"><subfield code="a">-v. 2, no. 15 (Nov. 9, 1882).</subfield></datafield><datafield ind1="1" ind2=" " tag="362"><subfield code="a">Began in 1881.</subfield></datafield><datafield ind1=" " ind2=" " tag="500"><subfield code="a">Published by G.L. Burr, June 1-Nov. 9, 1882.</subfield></datafield><datafield ind1=" " ind2=" " tag="588"><subfield code="a">Description based on: Vol. 1, no. 27 (Feb. 3, 1882).</subfield></datafield><datafield ind1=" " ind2=" " tag="752"><subfield code="a">United States</subfield><subfield code="b">Kansas</subfield><subfield code="c">Smith</subfield><subfield code="d">Smith Center.</subfield></datafield><datafield ind1="0" ind2="0" tag="785"><subfield code="t">Smith County weekly record</subfield><subfield code="w">(DLC)sn 85029756</subfield></datafield><datafield ind1="1" ind2=" " tag="029"><subfield code="a">AU@</subfield><subfield code="b">000022172307</subfield></datafield></record>